@article{jolliffe2016principal,
  author = {Jolliffe, Ian T. and Cadima, Jorge},
  title = {Principal component analysis: a review and recent developments},
  journal = {Philos Trans A Math Phys Eng Sci},
  volume = {374},
  number = {2065},
  pages = {20150202},
  year = {2016},
  month = {Apr 13},
  doi = {10.1098/rsta.2015.0202},
  pmid = {26953178},
  pmcid = {PMC4792409}
}

